<record><leader>00000cas a22000007a 4500</leader><controlfield tag="001">20979944</controlfield><controlfield tag="008">900131d18811895moudn ne      0    0eng d</controlfield><datafield ind1=" " ind2=" " tag="010"><subfield code="a">sn 90061067 </subfield></datafield><datafield ind1=" " ind2=" " tag="040"><subfield code="a">MQN</subfield><subfield code="b">eng</subfield><subfield code="c">MQN</subfield><subfield code="d">OCL</subfield><subfield code="d">DLC</subfield><subfield code="d">MQN</subfield><subfield code="d">OCLCQ</subfield><subfield code="d">DLC</subfield><subfield code="d">MXM</subfield><subfield code="d">OCLCF</subfield></datafield><datafield ind1=" " ind2=" " tag="019"><subfield code="a">13744705</subfield></datafield><datafield ind1="1" ind2=" " tag="029"><subfield code="a">AU@</subfield><subfield code="b">000020591282</subfield></datafield><datafield ind1=" " ind2=" " tag="042"><subfield code="a">msc</subfield></datafield><datafield ind1=" " ind2=" " tag="043"><subfield code="a">n-us-mo</subfield></datafield><datafield ind1="0" ind2=" " tag="130"><subfield code="a">Sedalia bazoo (Sedalia, Mo. : 1881)</subfield></datafield><datafield ind1="0" ind2="4" tag="245"><subfield code="a">The Sedalia bazoo.</subfield></datafield><datafield ind1="1" ind2="3" tag="246"><subfield code="a">Sedalia morning bazoo</subfield><subfield code="f">Feb. 16-Sept. 1, 1883</subfield></datafield><datafield ind1="3" ind2="0" tag="246"><subfield code="a">Sunday morning bazoo</subfield></datafield><datafield ind1=" " ind2=" " tag="260"><subfield code="a">Sedalia, Mo. :</subfield><subfield code="b">J. West Goodwin,</subfield><subfield code="c">1881-1895.</subfield></datafield><datafield ind1=" " ind2=" " tag="300"><subfield code="a">v.</subfield></datafield><datafield ind1=" " ind2=" " tag="310"><subfield code="a">Daily (except Sat.)</subfield></datafield><datafield ind1="0" ind2=" " tag="362"><subfield code="a">Vol. 12, no. 255 (July 11, 1881)-v. 28, no. 22 (Oct. 9, 1895).</subfield></datafield><datafield ind1=" " ind2=" " tag="500"><subfield code="a">On Sundays published as: Sunday morning bazoo, July 17, 1881-Oct. 6, 1895.</subfield></datafield><datafield ind1=" " ind2=" " tag="515"><subfield code="a">Suspended publication Aug. 13-Nov. 18, 1893.</subfield></datafield><datafield ind1=" " ind2="0" tag="651"><subfield code="a">Sedalia (Mo.)</subfield><subfield code="v">Newspapers.</subfield></datafield><datafield ind1=" " ind2="0" tag="651"><subfield code="a">Pettis County (Mo.)</subfield><subfield code="v">Newspapers.</subfield></datafield><datafield ind1=" " ind2="7" tag="655"><subfield code="a">Newspapers.</subfield><subfield code="2">fast</subfield><subfield code="0">(OCoLC)fst01423814</subfield></datafield><datafield ind1=" " ind2="7" tag="651"><subfield code="a">Missouri</subfield><subfield code="z">Pettis County.</subfield><subfield code="2">fast</subfield><subfield code="0">(OCoLC)fst01237700</subfield></datafield><datafield ind1=" " ind2="7" tag="651"><subfield code="a">Missouri</subfield><subfield code="z">Sedalia.</subfield><subfield code="2">fast</subfield><subfield code="0">(OCoLC)fst01220815</subfield></datafield><datafield ind1=" " ind2=" " tag="752"><subfield code="a">United States</subfield><subfield code="b">Missouri</subfield><subfield code="c">Pettis</subfield><subfield code="d">Sedalia.</subfield></datafield><datafield ind1="0" ind2=" " tag="775"><subfield code="t">Sedalia weekly bazoo</subfield><subfield code="x">2163-7369</subfield><subfield code="w">(DLC)sn 90061066</subfield><subfield code="w">(OCoLC)20979963</subfield></datafield><datafield ind1="0" ind2="0" tag="780"><subfield code="t">Daily bazoo (Sedalia, Mo. : 1869)</subfield><subfield code="w">(DLC)sn 85034087</subfield></datafield></record>